@article{wegman2017future,
  title={The future of road safety: A worldwide perspective},
  author={Wegman, Fred},
  journal={IATSS research},
  volume={40},
  number={2},
  pages={66--71},
  year={2017},
  publisher={Elsevier}
}

@article{johnsson2018search,
  title={In search of surrogate safety indicators for vulnerable road users: a review of surrogate safety indicators},
  author={Johnsson, Carl and Laureshyn, Aliaksei and De Ceunynck, Tim},
  journal={Transport Reviews},
  volume={38},
  number={6},
  pages={765--785},
  year={2018},
  publisher={Taylor \& Francis}
}

@article{assailly2017road,
  title={Road safety education: What works?},
  author={Assailly, JP},
  journal={Patient education and counseling},
  volume={100},
  pages={S24--S29},
  year={2017},
  publisher={Elsevier}
}
